@article{dyachuk2015simulating,
  title={Simulating pitching blade with free vortex model coupled with dynamic stall model for conditions of straight bladed vertical axis turbines},
  author={Dyachuk, E. and Goude, A. and Bernhoff, H.},
  journal={Journal of Solar Energy Engineering},
  volume={137},
  number={4},
  pages={041008},
  year={2015},
  publisher={American Society of Mechanical Engineers}
}

@techreport{sheldahl1981aerodynamic,
  title={Aerodynamic characteristics of seven symmetrical airfoil sections through 180-degree angle of attack for use in aerodynamic analysis of vertical axis wind turbines},
  author={Sheldahl, R. E. and Klimas, P. C.},
  year={1981},
  institution={Sandia National Labs., Albuquerque, NM (USA)}
}

@Article{Bachant2016-VAT-ALM,
  author =    {P. Bachant and A. Goude and M. Wosnik},
  title =     {Actuator line modeling of vertical-axis turbines},
  journal =   {{arXiv} preprint {arXiv}:1605.01449 Submitted to Wind Energy},
  year =      {2016},
  owner =     {Pete},
  timestamp = {2016.05.04},
  url =       {http://arxiv.org/abs/1605.01449}
}

@article{dyachuk2013dynamic,
  title={Dynamic stall modeling for the conditions of vertical axis wind turbines},
  author={Dyachuk, E. and Goude, A. and Bernhoff, H.},
  journal={AIAA journal},
  volume={52},
  number={1},
  pages={72--81},
  year={2013},
  publisher={American Institute of Aeronautics and Astronautics}
}

@article{dyachuk,
  title={Aerodynamics of Vertical Axis Wind Turbines: Development of Simulation Tools and Experiments},
  author={Dyachuk, E.},
  year={2015},
  publisher={Acta Universitatis Upsaliensis}
}

@techreport{ashwill2012retrospective,
  title={A retrospective of VAWT technology.},
  author={Ashwill, T.D. and Sutherland, H.J. and Berg, D.E.},
  year={2012},
  institution={Sandia National Laboratories}
}

@article{huyer1996unsteady,
  title={Unsteady aerodynamics associated with a horizontal-axis wind turbine},
  author={Huyer, S.A. and Simms, D. and Robinson, M.C.},
  journal={AIAA journal},
  volume={34},
  number={7},
  pages={1410--1419},
  year={1996}
}

@inproceedings{sorensen1999computation,
  title={Computation of wind turbine wakes using combined Navier-Stokes/actuator-line methodology},
  author={S{\o}rensen, J.N. and Shen, W.Z.},
  booktitle={Proceedings of European Wind Energy Conference Ewec'99, Nice},
  year={1999}
}

@inproceedings{leishman1986generalised,
  title={A generalised model for airfoil unsteady aerodynamic behaviour and dynamic stall using the indicial method},
  author={Leishman, J.G. and Beddoes, T.S.},
  booktitle={Proceedings of the 42nd Annual forum of the American Helicopter Society},
  pages={243--265},
  year={1986},
  organization={Washington DC}
}

@article{sheng2008modified,
  title={A modified dynamic stall model for low Mach numbers},
  author={Sheng, W. and Galbraith, R.A. and Coton, F.N.},
  journal={Journal of Solar Energy Engineering},
  volume={130},
  number={3},
  pages={031013},
  year={2008},
  publisher={American Society of Mechanical Engineers}
}


@article{leishman1989semi,
  title={A Semi-Empirical Model for Dynamic Stall},
  author={Leishman, J.G. and Beddoes, T.S.},
  journal={Journal of the American Helicopter society},
  volume={34},
  number={3},
  pages={3--17},
  year={1989},
  publisher={AHS International}
}


@book{angell1988collected,
  title={The Collected Data for Tests on a NACA 0021 Aerofoil},
  author={Angell, R.K. and Musgrove, P. and Galbraith, R.A.M.D. and University of Glasgow. Department of Aeronautics and Fluid Mechanics},
  series={G. U. Aero report},
  url={https://books.google.se/books?id=OmHVNQAACAAJ},
  year={1988},
  publisher={University of Glasgow, Department of Aeronautics \& Fluid Mechanics}
}

@article{bachant2015simulating,
  title={Simulating wind and marine hydrokinetic turbines with actuator lines in RANS and LES},
  author={Bachant, P. and Wosnik, M. },
  journal={Bulletin of the American Physical Society},
  volume={60},
  year={2015},
  publisher={APS}
}

@Misc{turbinesFoam-v0.0.7,
  author =       {Peter Bachant and Anders Goude and Martin Wosnik},
  title =        {{turbinesFoam}: v0.0.7},
  howpublished = {Zenodo. \url{http://dx.doi.org/10.5281/zenodo.49422}},
  year =         {2016},
  doi =          {10.5281/zenodo.49422},
  owner =        {Pete},
  timestamp =    {2016.03.16},
  url =          {http://dx.doi.org/10.5281/zenodo.49422}
}
